<?xml version="1.0" encoding="utf-8"?><Document xmlns="urn:iso:std:iso:20022:tech:xsd:pacs.008.001.08"><FIToFICstmrCdtTrf><GrpHdr><MsgId>11111152021120100063774053625784</MsgId><CreDtTm>2021-12-02T14:53:43.7043129+02:00</CreDtTm><NbOfTxs>2</NbOfTxs><TtlIntrBkSttlmAmt Ccy="UAH">6.00</TtlIntrBkSttlmAmt><IntrBkSttlmDt>2021-12-02</IntrBkSttlmDt><SttlmInf><SttlmMtd>CLRG</SttlmMtd><ClrSys><Prtry>SEP</Prtry></ClrSys></SttlmInf><InstgAgt><FinInstnId><ClrSysMmbId><ClrSysId><Prtry>SEP</Prtry></ClrSysId><MmbId>111115</MmbId></ClrSysMmbId></FinInstnId></InstgAgt><InstdAgt><FinInstnId><ClrSysMmbId><ClrSysId><Prtry>SEP</Prtry></ClrSysId><MmbId>333335</MmbId></ClrSysMmbId></FinInstnId></InstdAgt></GrpHdr><CdtTrfTxInf><PmtId><EndToEndId>76675654</EndToEndId><UETR>6032feb1-189b-4dec-bce5-2da8bfa59596</UETR></PmtId><IntrBkSttlmAmt Ccy="UAH">5.00</IntrBkSttlmAmt><ChrgBr>SLEV</ChrgBr><Dbtr><Nm>Клієнт</Nm><Id><OrgId><Othr><Id>88888884</Id><SchmeNm><Prtry>USRC</Prtry></SchmeNm></Othr></OrgId></Id><CtryOfRes>UA</CtryOfRes></Dbtr><DbtrAcct><Id><Othr><Id>262041456000215</Id><SchmeNm><Prtry>ASP</Prtry></SchmeNm></Othr></Id></DbtrAcct><DbtrAgt><FinInstnId><ClrSysMmbId><ClrSysId><Prtry>ASP</Prtry></ClrSysId><MmbId>400000</MmbId></ClrSysMmbId><Nm>Кредитна спілка</Nm></FinInstnId></DbtrAgt><CdtrAgt><FinInstnId><ClrSysMmbId><ClrSysId><Prtry>SEP</Prtry></ClrSysId><MmbId>333335</MmbId></ClrSysMmbId><Nm>НАШ ТЕСТ АТ “Банк Весна”</Nm></FinInstnId></CdtrAgt><Cdtr><Nm>Клієнт</Nm><Id><PrvtId><Othr><Id>3213245622</Id><SchmeNm><Prtry>RNRCT</Prtry></SchmeNm></Othr></PrvtId></Id><CtryOfRes>UA</CtryOfRes></Cdtr><CdtrAcct><Id><IBAN>UA123333350000026205032658978</IBAN></Id></CdtrAcct><RmtInf><Ustrd>Приклад1</Ustrd></RmtInf></CdtTrfTxInf><CdtTrfTxInf><PmtId><EndToEndId>3</EndToEndId><UETR>d98b17a6-2e95-4381-be2c-15940fbef7e8</UETR></PmtId><IntrBkSttlmAmt Ccy="UAH">1.00</IntrBkSttlmAmt><ChrgBr>SLEV</ChrgBr><Dbtr><Nm>Клієнт</Nm><Id><OrgId><Othr><Id>88888884</Id><SchmeNm><Prtry>USRC</Prtry></SchmeNm></Othr></OrgId></Id><CtryOfRes>UA</CtryOfRes></Dbtr><DbtrAcct><Id><Othr><Id>2620006546546</Id><SchmeNm><Prtry>ASP</Prtry></SchmeNm></Othr></Id></DbtrAcct><DbtrAgt><FinInstnId><ClrSysMmbId><ClrSysId><Prtry>ASP</Prtry></ClrSysId><MmbId>400000</MmbId></ClrSysMmbId><Nm>Страхова</Nm></FinInstnId></DbtrAgt><CdtrAgt><FinInstnId><ClrSysMmbId><ClrSysId><Prtry>SEP</Prtry></ClrSysId><MmbId>333335</MmbId></ClrSysMmbId><Nm>НАШ ТЕСТ АТ “Банк Весна”</Nm></FinInstnId></CdtrAgt><Cdtr><Nm>Клієнт</Nm><Id><PrvtId><Othr><Id>МА783921</Id><SchmeNm><Prtry>PSPT</Prtry></SchmeNm></Othr></PrvtId></Id><CtryOfRes>UA</CtryOfRes></Cdtr><CdtrAcct><Id><IBAN>UA123333350000026205032658978</IBAN></Id></CdtrAcct><RmtInf><Ustrd>Приклад2</Ustrd></RmtInf></CdtTrfTxInf></FIToFICstmrCdtTrf></Document>