<?xml version="1.0" encoding="utf-8"?><Document xmlns="urn:iso:std:iso:20022:tech:xsd:pacs.008.001.08"><FIToFICstmrCdtTrf><GrpHdr><MsgId>13333352023030100063813288334851</MsgId><CreDtTm>2023-03-02T17:25:40+00:00</CreDtTm><NbOfTxs>1</NbOfTxs><TtlIntrBkSttlmAmt Ccy="UAH">6000.00</TtlIntrBkSttlmAmt><IntrBkSttlmDt>2023-03-02</IntrBkSttlmDt><SttlmInf><SttlmMtd>CLRG</SttlmMtd><ClrSys><Prtry>SEP</Prtry></ClrSys></SttlmInf><InstgAgt><FinInstnId><ClrSysMmbId><ClrSysId><Prtry>SEP</Prtry></ClrSysId><MmbId>333335</MmbId></ClrSysMmbId></FinInstnId></InstgAgt><InstdAgt><FinInstnId><ClrSysMmbId><ClrSysId><Prtry>SEP</Prtry></ClrSysId><MmbId>899998</MmbId></ClrSysMmbId></FinInstnId></InstdAgt></GrpHdr><CdtTrfTxInf><PmtId><EndToEndId>56756756</EndToEndId><UETR>a8f885fd-b3c8-4ab9-99c0-fd72c75b7543</UETR></PmtId><IntrBkSttlmAmt Ccy="UAH">6000.00</IntrBkSttlmAmt><ChrgBr>SLEV</ChrgBr><Dbtr><Nm>Клієнт</Nm><Id><OrgId><Othr><Id>45781208</Id><SchmeNm><Prtry>USRC</Prtry></SchmeNm></Othr></OrgId></Id></Dbtr><DbtrAcct><Id><IBAN>UA653333350000262070325689754</IBAN></Id></DbtrAcct><DbtrAgt><FinInstnId><ClrSysMmbId><ClrSysId><Prtry>SEP</Prtry></ClrSysId><MmbId>333335</MmbId></ClrSysMmbId></FinInstnId></DbtrAgt><CdtrAgt><FinInstnId><ClrSysMmbId><ClrSysId><Prtry>SEP</Prtry></ClrSysId><MmbId>899998</MmbId></ClrSysMmbId></FinInstnId></CdtrAgt><Cdtr><Nm>ДПС у місті Києві</Nm><Id><OrgId><Othr><Id>00000997</Id><SchmeNm><Prtry>USRC</Prtry></SchmeNm></Othr></OrgId></Id></Cdtr><CdtrAcct><Id><IBAN>UA038999980314040699000022703</IBAN></Id></CdtrAcct><RmtInf><Strd><TaxRmt><Rcrd><CtgyDtls>UA123456789123456789123456789</CtgyDtls><TaxAmt><TtlAmt Ccy="UAH">3000.00</TtlAmt></TaxAmt><AddtlInf>Єдиний внесок, нарахований на суму заробітної плати за першу половину лютого 2023 року</AddtlInf></Rcrd><Rcrd><CtgyDtls>UA147258369147258369147258369</CtgyDtls><TaxAmt><TtlAmt Ccy="UAH">2000.00</TtlAmt></TaxAmt><AddtlInf>податок на доходи з фізичних осіб за лютий 2022 року</AddtlInf></Rcrd><Rcrd><CtgyDtls>UA258147369258147369258147369</CtgyDtls><TaxAmt><TtlAmt Ccy="UAH">1000.00</TtlAmt></TaxAmt><AddtlInf>військовий збір за лютий 2022 року</AddtlInf></Rcrd></TaxRmt></Strd></RmtInf></CdtTrfTxInf></FIToFICstmrCdtTrf></Document>